<?xml version="1.0" encoding="UTF-8"?><collection xmlns="http://www.loc.gov/MARC21/slim"><record><leader>00555nam--2200181-i-4500</leader><controlfield tag="001">000044251</controlfield><controlfield tag="002">20161230</controlfield><controlfield tag="005">20161230201044</controlfield><controlfield tag="008">060222s1000------------r-----000-0-fre-d</controlfield><datafield ind1=" " ind2=" " tag="040"><subfield code="a">IFIN-HH</subfield></datafield><datafield ind1=" " ind2=" " tag="041"><subfield code="a">fre</subfield></datafield><datafield ind1=" " ind2=" " tag="080"><subfield code="a">537.311.33(043)</subfield></datafield><datafield ind1="1" ind2=" " tag="100"><subfield code="a">Thenoz, Yves</subfield></datafield><datafield ind1="1" ind2="0" tag="245"><subfield code="a">Contribution a l`etude des dispositifs metal-oxyde-semiconducteur a acces optique structure in2 o3-sio2</subfield><subfield code="b">These</subfield><subfield code="c">Yves thenoz</subfield></datafield><datafield ind1=" " ind2=" " tag="260"><subfield code="a">Grenoble</subfield><subfield code="b">L`Universite Scientifique Et Medicale</subfield><subfield code="c">1974</subfield></datafield><datafield ind1=" " ind2=" " tag="300"><subfield code="a">60P</subfield></datafield><datafield ind1=" " ind2=" " tag="852"><subfield code="a">44039</subfield><subfield code="c">53.311.33</subfield></datafield><datafield ind1=" " ind2=" " tag="CAT"><subfield code="a">Sys</subfield><subfield code="c">20110722</subfield><subfield code="h">155513</subfield></datafield></record></collection>